@String{pub-AW = "Ad{\-d}i{\-s}on-Wes{\-l}ey"}
@String{pub-AW:adr = "Reading, MA, USA"}



@article{NLPnewTime,
  title={迎接自然语言处理新时代},
  author={李航},
  journal={计算机学会通讯},
  year={2017年第2期}
}

@inproceedings{bergsma2011learning,
  title={Learning bilingual lexicons using the visual similarity of labeled web images},
  author={Bergsma, Shane and Van Durme, Benjamin},
  booktitle={IJCAI Proceedings-International Joint Conference on Artificial Intelligence},
  volume={22},
  number={3},
  pages={1764},
  year={2011},
  organization={Citeseer}
}

@article{shang2016overview,
  title={Overview of the NTCIR-12 short text conversation task},
  author={Shang, Lifeng and Sakai, Tetsuya and Lu, Zhengdong and Li, Hang and Higashinaka, Ryuichiro and Miyao, Yusuke},
  journal={Proceedings of NTCIR-12},
  pages={473--484},
  year={2016}
}

@article{chenmicrosoft,
  title={Microsoft Research Asia at NTCIR-12 STC Task},
  author={Chen, Zhongxia and Song, Ruihua and Xie, Xing}
}

@article{song2009identification,
  title={Identification of ambiguous queries in web search},
  author={Song, Ruihua and Luo, Zhenxiao and Nie, Jian-Yun and Yu, Yong and Hon, Hsiao-Wuen},
  journal={Information Processing \& Management},
  volume={45},
  number={2},
  pages={216--229},
  year={2009},
  publisher={Elsevier}
}

@article{hitschler2016multimodal,
  title={Multimodal pivots for image caption translation},
  author={Hitschler, Julian and Schamoni, Shigehiko and Riezler, Stefan},
  journal={arXiv preprint arXiv:1601.03916},
  year={2016}
}


